@book{rameau1722traite,
  title={Treatise on Harmony},
  author={Rameau, Jean-Philippe},
  year={1722},
  publisher={Imp. de J.-B.-C. Ballard}
}


@inproceedings{weinberg2000musical,
  title={The Musical Fireflies-learning about mathematical patterns in music through expression and play},
  author={Weinberg, Gili and Lackner, T and Jay, Jason},
  booktitle={Proceedings of the 2000 Colloquium on Musical Informatics},
  pages={146--149},
  year={2000},
  organization={Citeseer}
}

@article{kearney2005playing,
  title={Playing in the Sandbox: Developing games for children with disabilities.},
  author={Kearney, Paul},
  year={2005}
}

@article{mitani2007music,
  title={Music recognition, music listening, and word recognition by deaf children with cochlear implants},
  author={Mitani, Chisato and Nakata, Takayuki and Trehub, Sandra E and Kanda, Yukihiko and Kumagami, Hidetaka and Takasaki, Kenji and Miyamoto, Ikue and Takahashi, Haruo},
  journal={Ear and Hearing},
  volume={28},
  number={2},
  pages={29S--33S},
  year={2007},
  publisher={LWW}
}

@incollection{chung2017designing,
  title={Designing music games and mobile apps for early music learning},
  author={Chung, Szu-Ming and Wu, Chun-Tsai},
  booktitle={Serious Games and Edutainment Applications},
  pages={57--75},
  year={2017},
  publisher={Springer}
}

@inproceedings{spreitzenbarth2013mobile,
  title={Mobile-sandbox: having a deeper look into android applications},
  author={Spreitzenbarth, Michael and Freiling, Felix and Echtler, Florian and Schreck, Thomas and Hoffmann, Johannes},
  booktitle={Proceedings of the 28th Annual ACM Symposium on Applied Computing},
  pages={1808--1815},
  year={2013},
  organization={ACM}
}

@inproceedings{blasing2010android,
  title={An android application sandbox system for suspicious software detection},
  author={Bl{\"a}sing, Thomas and Batyuk, Leonid and Schmidt, Aubrey-Derrick and Camtepe, Seyit Ahmet and Albayrak, Sahin},
  booktitle={2010 5th International Conference on Malicious and Unwanted Software},
  pages={55--62},
  year={2010},
  organization={IEEE}
}

@inproceedings{walker2003sonification,
  title={Sonification Sandbox: A graphical toolkit for auditory graphs},
  author={Walker, Bruce N and Cothran, Joshua T},
  year={2003},
  organization={Georgia Institute of Technology}
}

@article{burton2016music,
  title={Music-based iPad app preferences of young children},
  author={Burton, Suzanne L and Pearsall, Aimee},
  journal={Research Studies in Music Education},
  volume={38},
  number={1},
  pages={75--91},
  year={2016},
  publisher={SAGE Publications Sage UK: London, England}
}

@article{mcintire2007developing,
  title={Developing Literacy through Music.},
  author={McIntire, Jean M},
  journal={Teaching Music},
  volume={15},
  number={1},
  pages={44},
  year={2007},
  publisher={ERIC}
}

@article {yu2012,
author = "Krista Danielle Yu",
title = "An Economic Analysis of the Philippine Tourism Industry",
journal = "DLSU Business \& Economics Review",
volume = "22",
number = "1",
pages = "119--128",
year = "2012"
}


@misc{inquirer,
  author = "{Inquirer News}",
  title = "{P}ia {C}ayetano: Research, not plagiarism",
  year = "2012",
  url = "http://newsinfo.inquirer.net/255130/pia-cayetano-research-not-plagiarism",
  note = "Accessed August 23, 2012"
}


@misc{BSP2012,
  author ="{Bangko Sentral ng Pilipinas}",
  title = "Consumer Price Index, Inflation Rate, and Purchasing Power by 
            Area and Commodity Group", 
  year = "2012",
  url = "http://www.bsp.gov.ph/statistics/spei_new/tab56.1.htm",
  note = "Accessed August 15, 2012"
}



@misc{Disney2012,
  author ="{The Walt Disney Company}",
  title = "Disney Company Stock Chart", 
  year = "2012",
  url = "http://thewaltdisneycompany.com/investors/disney-stock",
  note = "Accessed August 15, 2012"
}


@book{judge2000,
    author    = "Guy Judge",
    title     = "Computing Skills for Economists",
    year      = "2000",
    publisher = "John Wiley \& Sons, Ltd.",
    address   = "Hoboken, New Jersey"
}


@book{poitras2011,
    author = "Goeffrey Poitras",
    title    = "Valuation of Equity Securities",
    title     = "Computing Skills for Economists",
    year      = "2011",
    publisher = "World Scientific",
    address   = "Tuck Link, Singapore"
}


@conference{AdrianShin2009,
    author    = "Tobias Adrian and Hyun Song Shin",
    title     = "Financial Intermediaries and Monetary Economics",
    booktitle = "European {C}entral {B}ank Conference on Key Developments
                 in Monetary Economics",
    address   = "Frankfurt, Germany",
    year      = "2009"    
}


@mastersthesis{Kregting2011,
    author    = "Joanne Kregting",
    title     = "The {EU-Canada} Comprehensive Trade Agreement",
    school    = "Aarhus School Business",
    address    = "Aarhus, Denmark",
    year      = "2011"
}


@misc{NSO2011,
   author = "{National Statistics Office}",
   title = "Families in the bottom 30 percent income group earned 62 thousand
   pesos in 2009",
   year = "2011",
   url = "http://www.census.gov.ph/data/pressrelease/2011/ie09frtx.html",
   note = "Accessed August 21, 2012"
}


@misc{NEDA2012,
   author = "{National Economics and Development Authority}",
   title = "Metadata Core Inflation",
   year = "2012",
   url = "http://www.neda.gov.ph/econreports_dbs.asp",
   url = "http://www.census.gov.ph/data/pressrelease/2011/ie09frtx.html",
   note = "Accessed August 21, 2012"
}

